@ARTICLE{rimal2019pred,
  author =       {{Rimal}, Raju and {Almøy}, Trygve and {Sæbø}, Solve},
  title =        {{Comparison of Multi-response Prediction Methods}},
  journal =      {arXiv e-prints},
  keywords =     {Statistics - Applications},
  year =         2019,
  month =        "Mar",
  eid =          {arXiv:1903.08426},
  pages =        {arXiv:1903.08426},
  archivePrefix ={arXiv},
  primaryClass = {stat.AP},
  adsurl =       {https://ui.adsabs.harvard.edu/\#abs/2019arXiv190308426R},
  adsnote =      {Provided by the SAO/NASA Astrophysics Data System}
}